<record><leader>00000cas a22000007a 4500</leader><controlfield tag="001">13454324</controlfield><controlfield tag="008">860418d18861887nmuwr ne      0    0eng d</controlfield><datafield ind1=" " ind2=" " tag="010"><subfield code="a">sn 86063820 </subfield></datafield><datafield ind1=" " ind2=" " tag="040"><subfield code="a">KSH</subfield><subfield code="b">eng</subfield><subfield code="c">KSH</subfield><subfield code="d">NPT</subfield><subfield code="d">UNP</subfield><subfield code="d">NVM</subfield><subfield code="d">OCLCQ</subfield></datafield><datafield ind1=" " ind2=" " tag="042"><subfield code="a">msc</subfield></datafield><datafield ind1=" " ind2=" " tag="043"><subfield code="a">n-us-nm</subfield></datafield><datafield ind1=" " ind2="4" tag="050"><subfield code="a">AN2.N6</subfield><subfield code="b">A42</subfield></datafield><datafield ind1="0" ind2="4" tag="245"><subfield code="a">The Albuquerque opinion.</subfield></datafield><datafield ind1=" " ind2=" " tag="260"><subfield code="a">Albuquerque, N.M. :</subfield><subfield code="b">Opinion Pub. Co.</subfield></datafield><datafield ind1=" " ind2=" " tag="300"><subfield code="a">v.</subfield></datafield><datafield ind1=" " ind2=" " tag="310"><subfield code="a">Weekly</subfield></datafield><datafield ind1="0" ind2=" " tag="362"><subfield code="a">Vol. 1, no. 1 (July 17, 1886)-</subfield></datafield><datafield ind1="1" ind2=" " tag="362"><subfield code="a">Ceased in 1887?</subfield></datafield><datafield ind1=" " ind2=" " tag="530"><subfield code="a">Also on microfilm: Santa Fe, N.M. : New Mexico State Library.</subfield></datafield><datafield ind1=" " ind2="4" tag="651"><subfield code="a">Albuquerque (N.M.)</subfield><subfield code="v">Newspapers.</subfield></datafield><datafield ind1=" " ind2="4" tag="651"><subfield code="a">Bernalillo County (N.M.)</subfield><subfield code="v">Newspapers.</subfield></datafield><datafield ind1=" " ind2=" " tag="752"><subfield code="a">United States</subfield><subfield code="b">New Mexico</subfield><subfield code="c">Bernalillo</subfield><subfield code="d">Albuquerque.</subfield></datafield><datafield ind1="0" ind2="0" tag="780"><subfield code="t">Albuquerque weekly journal</subfield><subfield code="w">(DLC)sn 86063829</subfield></datafield><datafield ind1="1" ind2=" " tag="029"><subfield code="a">AU@</subfield><subfield code="b">000025816228</subfield></datafield></record>